<?xml version="1.0" encoding="UTF-8"?><collection xmlns="http://www.loc.gov/MARC21/slim"><record><leader>00477nam--2200145-i-4500</leader><controlfield tag="001">000009049</controlfield><controlfield tag="002">20161230</controlfield><controlfield tag="005">20161230201028</controlfield><controlfield tag="008">060222s1000------------r-----000-0-eng-d</controlfield><datafield ind1=" " ind2=" " tag="080"><subfield code="a">621.38.004.6</subfield></datafield><datafield ind1=" " ind2=" " tag="100"><subfield code="a">Deatcu, Eugeniu</subfield></datafield><datafield ind1=" " ind2=" " tag="245"><subfield code="a">Ridicarea domeniilor de functionare a blocuril or unilog</subfield></datafield><datafield ind1=" " ind2=" " tag="260"><subfield code="a">Bucuresti, Cons.Nat. Al Inginerilor Si Tehnici Enilor, 1969. 21 P</subfield></datafield><datafield ind1=" " ind2=" " tag="490"><subfield code="a">A Doua Conf. A Electricienilor. Sectia Fiabili Tate, Securitate, Calitate</subfield></datafield><datafield ind1=" " ind2=" " tag="852"><subfield code="a">31714</subfield></datafield></record></collection>